<?xml version="1.0" encoding="UTF-8"?><collection xmlns="http://www.loc.gov/MARC21/slim"><record><leader>00518nam--2200193-u-4500</leader><controlfield tag="001">000052391</controlfield><controlfield tag="002">20161230</controlfield><controlfield tag="005">20161230201050</controlfield><controlfield tag="008">100702s1000------------r-----000-0-rus-d</controlfield><datafield ind1=" " ind2=" " tag="040"><subfield code="a">IFIN-HH</subfield></datafield><datafield ind1=" " ind2=" " tag="041"><subfield code="a">rum</subfield></datafield><datafield ind1=" " ind2=" " tag="080"><subfield code="a">531.36</subfield></datafield><datafield ind1="1" ind2=" " tag="100"><subfield code="a">Rumantev, V.V</subfield></datafield><datafield ind1="1" ind2="0" tag="245"><subfield code="a">Ustoicivosti i stavilizacenia dvijeniia po otnoseniu k chasti peremennih</subfield><subfield code="c">V.V. Rumantev, A.S. Oziraner</subfield></datafield><datafield ind1=" " ind2=" " tag="260"><subfield code="a">Moskva</subfield><subfield code="b">Nauka</subfield><subfield code="c">1987</subfield></datafield><datafield ind1=" " ind2=" " tag="300"><subfield code="a">253 p</subfield></datafield><datafield ind1="1" ind2=" " tag="700"><subfield code="a">Oziraner, A.S</subfield></datafield><datafield ind1=" " ind2=" " tag="852"><subfield code="a">74571</subfield><subfield code="c">531</subfield></datafield><datafield ind1=" " ind2=" " tag="CAT"><subfield code="a">Sys</subfield><subfield code="c">20100702</subfield><subfield code="h">093052</subfield></datafield></record></collection>